@article{bergstrom2019insights,
  title={Insights into human genetic variation and population history from 929 diverse genomes},
  author={Bergstr{\"o}m, Anders and McCarthy, Shane A and Hui, Ruoyun and Almarri, Mohamed A and Ayub, Qasim and Danecek, Petr and Chen, Yuan and Felkel, Sabine and Hallast, Pille and Kamm, Jack and others},
  journal={bioRxiv},
  pages={674986},
  year={2019},
  publisher={Cold Spring Harbor Laboratory}
}

@article{1000genome2015global,
  title={A global reference for human genetic variation},
  author={1000 Genomes Project Consortium and others},
  journal={Nature},
  volume={526},
  number={7571},
  pages={68--74},
  year={2015},
  publisher={Nature Publishing Group}
}
@article{lek2016analysis,
  title={Analysis of protein-coding genetic variation in 60,706 humans},
  author={Lek, Monkol and Karczewski, Konrad J and Minikel, Eric V and Samocha, Kaitlin E and Banks, Eric and Fennell, Timothy and Oâ€™Donnell-Luria, Anne H and Ware, James S and Hill, Andrew J and Cummings, Beryl B and others},
  journal={Nature},
  volume={536},
  number={7616},
  pages={285--291},
  year={2016},
  publisher={Nature Publishing Group}
}

@misc{ gp2020,
    author = "Buonaiuto S, Colonna V",
    title = "gp: a pipeline for Genomic Prioritization",
    year = "2020",
    howpublished = "\url{https://github.com/ezcn/grep}",
    note = "[Online; accessed 11-November-2020]"
}


@article{yates2017whole,
  title={Whole-exome sequencing on deceased fetuses with ultrasound anomalies: expanding our knowledge of genetic disease during fetal development},
  author={Yates, Carin L and Monaghan, Kristin G and Copenheaver, Deborah and Retterer, Kyle and Scuffins, Julie and Kucera, Cathlin R and Friedman, Bethany and Richard, Gabriele and Juusola, Jane},
  journal={Genetics in Medicine},
  volume={19},
  number={10},
  pages={1171--1178},
  year={2017},
  publisher={Nature Publishing Group}
}

@article{wilbe2015musk,
  title={MuSK: a new target for lethal fetal akinesia deformation sequence (FADS)},
  author={Wilbe, Maria and Ekvall, Sara and Eurenius, Karin and Ericson, Katharina and Casar-Borota, Olivera and Klar, Joakim and Dahl, Niklas and Ameur, Adam and Anner{\'e}n, G{\"o}ran and Bondeson, Marie-Louise},
  journal={Journal of medical genetics},
  volume={52},
  number={3},
  pages={195--202},
  year={2015},
  publisher={BMJ Publishing Group Ltd}
}

@article{dohrn2015ecel1,
  title={ECEL1 mutation causes fetal arthrogryposis multiplex congenita},
  author={Dohrn, N and Le, VQ and Petersen, A and Skovbo, P and Pedersen, IS and Ernst, A and Krarup, H and Petersen, Michael Bj{\o}rn},
  journal={American Journal of Medical Genetics Part A},
  volume={167},
  number={4},
  pages={731--743},
  year={2015},
  publisher={Wiley Online Library}
}

@article{bondeson2017nonsense,
  title={A nonsense mutation in CEP55 defines a new locus for a Meckel-like syndrome, an autosomal recessive lethal fetal ciliopathy},
  author={Bondeson, M-L and Ericson, Katharina and Gudmundsson, Sanna and Ameur, Adam and Pont{\'e}n, Fredrik and Wesstr{\"o}m, Jan and Frykholm, Carina and Wilbe, Maria},
  journal={Clinical genetics},
  volume={92},
  number={5},
  pages={510--516},
  year={2017},
  publisher={Wiley Online Library}
}

@article{cristofoli2017novel,
  title={Novel STIL compound heterozygous mutations cause severe fetal microcephaly and centriolar lengthening},
  author={Cristofoli, Francesca and De Keersmaecker, Bart and De Catte, Luc and Vermeesch, Joris R and Van Esch, Hilde},
  journal={Molecular syndromology},
  volume={8},
  number={6},
  pages={282--293},
  year={2017},
  publisher={Karger Publishers}
}


@article{fu2018whole,
  title={Whole-exome sequencing analysis of products of conception identifies novel mutations associated with missed abortion},
  author={Fu, Meng and Mu, Sha and Wen, Chunyan and Jiang, Shufang and Li, Lin and Meng, Yuanguang and Peng, Hongmei},
  journal={Molecular medicine reports},
  volume={18},
  number={2},
  pages={2027--2032},
  year={2018},
  publisher={Spandidos Publications}
}

@article{meier2019exome,
  title={Exome sequencing of fetal anomaly syndromes: novel phenotype--genotype discoveries},
  author={Meier, Nicole and Bruder, Elisabeth and Lapaire, Olav and Hoesli, Irene and Kang, Anjeung and Hench, J{\"u}rgen and Hoeller, Sylvia and De Geyter, Julie and Miny, Peter and Heinimann, Karl and others},
  journal={European Journal of Human Genetics},
  volume={27},
  number={5},
  pages={730--737},
  year={2019},
  publisher={Nature Publishing Group}
}


@article{thomas2012tctn3,
  title={TCTN3 mutations cause Mohr-Majewski syndrome},
  author={Thomas, Sophie and Legendre, Marine and Saunier, Sophie and Bessi{\`e}res, Bettina and Alby, Caroline and Bonni{\`e}re, Maryse and Toutain, Annick and Loeuillet, Laurence and Szymanska, Katarzyna and Jossic, Fr{\'e}d{\'e}rique and others},
  journal={The American Journal of Human Genetics},
  volume={91},
  number={2},
  pages={372--378},
  year={2012},
  publisher={Elsevier}
}


@article{filges2015exomeier2019exome,
  title={Exome sequencing for gene discovery in lethal fetal disorders--harnessing the value of extreme phenotypes},
  author={Filges, Isabel and Friedman, Jan M},
  journal={Prenatal Diagnosis},
  volume={35},
  number={10},
  pages={1005--1009},
  year={2015},
  publisher={Wiley Online Library}
}

@article{kudesia2014rescue,
  title={Rescue karyotyping: a case series of array-based comparative genomic hybridization evaluation of archival conceptual tissue},
  author={Kudesia, Rashmi and Li, Marilyn and Smith, Janice and Patel, Ankita and Williams, Zev},
  journal={Reproductive Biology and Endocrinology},
  volume={12},
  number={1},
  pages={19},
  year={2014},
  publisher={BioMed Central}
}

@article{mathur2014miscarriage,
  title={Miscarriage chromosome testing: utility of comparative genomic hybridization with reflex microsatellite analysis in preserved miscarriage tissue},
  author={Mathur, Nidhee and Triplett, Latrice and Stephenson, Mary D},
  journal={Fertility and sterility},
  volume={101},
  number={5},
  pages={1349--1352},
  year={2014},
  publisher={Elsevier}
}

@article{robberecht2009diagnosis,
  title={Diagnosis of miscarriages by molecular karyotyping: benefits and pitfalls},
  author={Robberecht, Caroline and Schuddinck, Vicky and Fryns, Jean-Pierre and Vermeesch, Joris Robert},
  journal={Genetics in Medicine},
  volume={11},
  number={9},
  pages={646},
  year={2009},
  publisher={Nature Publishing Group}
}

@article{larsen2013new,
  title={New insights into mechanisms behind miscarriage},
  author={Larsen, Elisabeth Clare and Christiansen, Ole Bjarne and Kolte, Astrid Marie and Macklon, Nick},
  journal={BMC medicine},
  volume={11},
  number={1},
  pages={154},
  year={2013},
  publisher={BioMed Central}
}


@article{ammon2012systematic,
  title={A systematic review to calculate background miscarriage rates using life table analysis},
  author={Ammon Avalos, Lyndsay and Galindo, Claudia and Li, De-Kun},
  journal={Birth Defects Research Part A: Clinical and Molecular Teratology},
  volume={94},
  number={6},
  pages={417--423},
  year={2012},
  publisher={Wiley Online Library}
}


@article{andersen2000maternal,
  title={Maternal age and fetal loss: population based register linkage study},
  author={Andersen, Anne-Marie Nybo and Wohlfahrt, Jan and Christens, Peter and Olsen, J{\o}rn and Melbye, Mads},
  journal={Bmj},
  volume={320},
  number={7251},
  pages={1708--1712},
  year={2000},
  publisher={British Medical Journal Publishing Group}
}

@article{bursac2018new,
  title={New insights into HEATR1 functions},
  author={Bursa{\'c}, Sla{\dj}ana and Jurada, Deana and Volarevi{\'c}, Sini{\v{s}}a},
  journal={Cell Cycle},
  volume={17},
  number={2},
  pages={143},
  year={2018},
  publisher={Taylor \& Francis}
}

@article{shamseldin2015identification,
  title={Identification of embryonic lethal genes in humans by autozygosity mapping and exome sequencing in consanguineous families},
  author={Shamseldin, Hanan E and Tulbah, Maha and Kurdi, Wesam and Nemer, Maha and Alsahan, Nada and Al Mardawi, Elham and Khalifa, Ola and Hashem, Amal and Kurdi, Ahmed and Babay, Zainab and others},
  journal={Genome biology},
  volume={16},
  number={1},
  pages={116},
  year={2015},
  publisher={Springer}
}


@article{rae2015novel,
  title={A novel FOXP3 mutation causing fetal akinesia and recurrent male miscarriages},
  author={Rae, William and Gao, Yifang and Bunyan, David and Holden, Samantha and Gilmour, Kimberly and Patel, Sanjay and Wellesley, Diana and Williams, Anthony},
  journal={Clinical Immunology},
  volume={161},
  number={2},
  pages={284--285},
  year={2015}
}

@article{petrovski2019whole,
  title={Whole-exome sequencing in the evaluation of fetal structural anomalies: a prospective cohort study},
  author={Petrovski, Slav{\'e} and Aggarwal, Vimla and Giordano, Jessica L and Stosic, Melissa and Wou, Karen and Bier, Louise and Spiegel, Erica and Brennan, Kelly and Stong, Nicholas and Jobanputra, Vaidehi and others},
  journal={The Lancet},
  volume={393},
  number={10173},
  pages={758--767},
  year={2019},
  publisher={Elsevier}
}


@article{lord2019prenatal,
  title={Prenatal exome sequencing analysis in fetal structural anomalies detected by ultrasonography (PAGE): a cohort study},
  author={Lord, Jenny and McMullan, Dominic J and Eberhardt, Ruth Y and Rinck, Gabriele and Hamilton, Susan J and Quinlan-Jones, Elizabeth and Prigmore, Elena and Keelagher, Rebecca and Best, Sunayna K and Carey, Georgina K and others},
  journal={The Lancet},
  volume={393},
  number={10173},
  pages={747--757},
  year={2019},
  publisher={Elsevier}
}


@article{quinlan2019molecular,
  title={Molecular autopsy by trio exome sequencing (ES) and postmortem examination in fetuses and neonates with prenatally identified structural anomalies},
  author={Quinlan-Jones, Elizabeth and Lord, Jenny and Williams, Denise and Hamilton, Sue and Marton, Tamas and Eberhardt, Ruth Y and Rinck, Gabriele and Prigmore, Elena and Keelagher, Rebecca and McMullan, Dominic J and others},
  journal={Genetics in Medicine},
  volume={21},
  number={5},
  pages={1065--1073},
  year={2019},
  publisher={Nature Publishing Group}
}


@article{zhao2020exome,
  title={Exome sequencing analysis on products of conception: a cohort study to evaluate clinical utility and genetic etiology for pregnancy loss},
  author={Zhao, Chen and Chai, Hongyan and Zhou, Qinghua and Wen, Jiadi and Reddy, Uma M and Kastury, Rama and Jiang, Yonghui and Mak, Winifred and Bale, Allen E and Zhang, Hui and others},
  journal={Genetics in Medicine},
  pages={1--8},
  year={2020},
  publisher={Nature Publishing Group}
}

@article{chen2017characterization,
  title={Characterization of chromosomal abnormalities in pregnancy losses reveals critical genes and loci for human early development},
  author={Chen, Yiyun and Bartanus, Justin and Liang, Desheng and Zhu, Hongmin and Breman, Amy M and Smith, Janice L and Wang, Hua and Ren, Zhilin and Patel, Ankita and Stankiewicz, Pawel and others},
  journal={Human mutation},
  volume={38},
  number={6},
  pages={669--677},
  year={2017},
  publisher={Wiley Online Library}
}

@article{rajcan2020next,
  title={Next generation sequencing in recurrent pregnancy loss-approaches and outcomes},
  author={Rajcan-Separovic, Evica},
  journal={European Journal of Medical Genetics},
  volume={63},
  number={2},
  pages={103644},
  year={2020},
  publisher={Elsevier}
}


@article{qiao2016whole,
  title={Whole exome sequencing in recurrent early pregnancy loss},
  author={Qiao, Ying and Wen, Jiadi and Tang, Flamingo and Martell, Sally and Shomer, Naomi and Leung, Peter CK and Stephenson, Mary D and Rajcan-Separovic, Evica},
  journal={Mhr: Basic science of reproductive medicine},
  volume={22},
  number={5},
  pages={364--372},
  year={2016},
  publisher={Oxford University Press}
}

@misc{vcflib,
  author = {Garrison, Erik},
  title = {vcflib},
  year = {2020},
  publisher = {GitHub},
  journal = {GitHub repository},
  howpublished = {\url{https://github.com/vcflib/vcflib}},
  commit = {40dbb399b5d25ae694e15755724475b274d1b8fe}
}

@article{tan2015unified,
  title={Unified representation of genetic variants},
  author={Tan, Adrian and Abecasis, Gon{\c{c}}alo R and Kang, Hyun Min},
  journal={Bioinformatics},
  volume={31},
  number={13},
  pages={2202--2204},
  year={2015},
  publisher={Oxford University Press}
}

@article{garrison2012haplotype,
  title={Haplotype-based variant detection from short-read sequencing},
  author={Garrison, Erik and Marth, Gabor},
  journal={arXiv preprint arXiv:1207.3907},
  year={2020}
}

@Manual{R,
    title = {R: A Language and Environment for Statistical Computing},
    author = {{R Core Team}},
    organization = {R Foundation for Statistical Computing},
    address = {Vienna, Austria},
    year = {2019},
    url = {https://www.R-project.org/},
  }
 
@article{zhao2020genome,
  title={Genome-Wide Association Analysis Reveals Key Genes Responsible for Egg Production of Lion Head Goose},
  author={Zhao, Qiqi and Chen, Junpeng and Zhang, Xinheng and Xu, Zhouyi and Lin, Zhenping and Li, Hongxin and Lin, Wencheng and Xie, Qingmei},
  journal={Frontiers in Genetics},
  volume={10},
  pages={1391},
  year={2020},
  publisher={Frontiers}
}

@article{block2012fmnl2,
  title={FMNL2 drives actin-based protrusion and migration downstream of Cdc42},
  author={Block, Jennifer and Breitsprecher, Dennis and K{\"u}hn, Sonja and Winterhoff, Moritz and Kage, Frieda and Geffers, Robert and Duwe, Patrick and Rohn, Jennifer L and Baum, Buzz and Brakebusch, Cord and others},
  journal={Current Biology},
  volume={22},
  number={11},
  pages={1005--1012},
  year={2012},
  publisher={Elsevier}
}

@article{sonderegger2010wnt,
  title={Wnt signalling in implantation, decidualisation and placental differentiation--review},
  author={Sonderegger, S and Pollheimer, Jurgen and Kn{\"o}fler, M},
  journal={Placenta},
  volume={31},
  number={10},
  pages={839--847},
  year={2010},
  publisher={Elsevier}
}

@article{menchero2019transitions,
  title={Transitions in cell potency during early mouse development are driven by Notch},
  author={Menchero, Sergio and Rollan, Isabel and Lopez-Izquierdo, Antonio and Andreu, Maria Jose and De Aja, Julio Sainz and Kang, Minjung and Adan, Javier and Benedito, Rui and Rayon, Teresa and Hadjantonakis, Anna-Katerina and others},
  journal={Elife},
  volume={8},
  pages={e42930},
  year={2019},
  publisher={eLife Sciences Publications Limited}
}

@article{laing2015gro,
  title={Gro/TLE enables embryonic stem cell differentiation by repressing pluripotent gene expression},
  author={Laing, Adam F and Lowell, Sally and Brickman, Joshua M},
  journal={Developmental biology},
  volume={397},
  number={1},
  pages={56--66},
  year={2015},
  publisher={Elsevier}
}

@article{meinhardt2014wnt,
  title={Wnt-dependent T-cell factor-4 controls human etravillous trophoblast motility},
  author={Meinhardt, Gudrun and Haider, Sandra and Haslinger, Peter and Proestling, Katharina and Fiala, Christian and Pollheimer, J{\"u}rgen and Kn{\"o}fler, Martin},
  journal={Endocrinology},
  volume={155},
  number={5},
  pages={1908--1920},
  year={2014},
  publisher={Oxford University Press}
}

@article{laisk2019genetic,
  title={The genetic architecture of sporadic and recurrent miscarriage},
  author={Laisk, Triin and Soares, Ana Luiza G and Ferreira, Teresa and Painter, Jodie N and Laber, Samantha and Bacelis, Jonas and Chen, Chia-Yen and Lepamets, Maarja and Lin, Kuang and Liu, Siyang and others},
  journal={bioRxiv},
  pages={575167},
  year={2019},
  publisher={Cold Spring Harbor Laboratory}
}

@article{mullegama2019mutations,
  title={Mutations in STAG2 cause an X-linked cohesinopathy associated with undergrowth, developmental delay, and dysmorphia: Expanding the phenotype in males},
  author={Mullegama, Sureni V and Klein, Steven D and Signer, Rebecca H and UCLA Clinical Genomics Center and Vilain, Eric and Martinez-Agosto, Julian A},
  journal={Molecular genetics \& genomic medicine},
  volume={7},
  number={2},
  pages={e00501},
  year={2019},
  publisher={Wiley Online Library}
}

@article{de2020essential,
  title={Essential Roles of Cohesin STAG2 in Mouse Embryonic Development and Adult Tissue Homeostasis},
  author={De Koninck, Magali and Lapi, Eleonora and Bad{\'\i}a-Careaga, Claudio and Coss{\'\i}o, Itziar and Gim{\'e}nez-Llorente, Daniel and Rodr{\'\i}guez-Corsino, Miriam and Andrada, Elena and Hidalgo, Andr{\'e}s and Manzanares, Miguel and Real, Francisco X and others},
  journal={Cell Reports},
  volume={32},
  number={6},
  pages={108014},
  year={2020},
  publisher={Elsevier}
}

@article{cuadrado2020specialized,
  title={Specialized functions of cohesins STAG1 and STAG2 in 3D genome architecture},
  author={Cuadrado, Ana and Losada, Ana},
  journal={Current Opinion in Genetics \& Development},
  volume={61},
  pages={9--16},
  year={2020},
  publisher={Elsevier}
}

@incollection{mcnicoll2013cohesin,
  title={Cohesin in gametogenesis},
  author={McNicoll, Francois and Stevense, Michelle and Jessberger, Rolf},
  booktitle={Current topics in developmental biology},
  volume={102},
  pages={1--34},
  year={2013},
  publisher={Elsevier}
}

@article{eshre2018eshre,
  title={ESHRE guideline: recurrent pregnancy loss},
  author={ESHRE Guideline Group on RPL and Bender Atik, Ruth and Christiansen, Ole Bjarne and Elson, Janine and Kolte, Astrid Marie and Lewis, Sheena and Middeldorp, Saskia and Nelen, Willianne and Peramo, Braulio and Quenby, Siobhan and others},
  journal={Human Reproduction Open},
  volume={2018},
  number={2},
  pages={hoy004},
  year={2018},
  publisher={Oxford University Press}
}


@article{doubilet2013diagnostic,
  title={Diagnostic criteria for nonviable pregnancy early in the first trimester},
  author={Doubilet, Peter M and Benson, Carol B and Bourne, Tom and Blaivas, Michael},
  journal={New England Journal of Medicine},
  volume={369},
  number={15},
  pages={1443--1451},
  year={2013},
  publisher={Mass Medical Soc}
}

@article{vermeesch2005molecular,
  title={Molecular karyotyping: array CGH quality criteria for constitutional genetic diagnosis},
  author={Vermeesch, Joris R and Melotte, Cindy and Froyen, Guy and Van Vooren, Steven and Dutta, Binita and Maas, Nicole and Vermeulen, Stefan and Menten, Bj{\"o}rn and Speleman, Frank and De Moor, Bart and others},
  journal={Journal of Histochemistry \& Cytochemistry},
  volume={53},
  number={3},
  pages={413--422},
  year={2005},
  publisher={SAGE Publications Sage CA: Los Angeles, CA}
}

@article{cohain2017spontaneous,
  title={Spontaneous first trimester miscarriage rates per woman among parous women with 1 or more pregnancies of 24 weeks or more},
  author={Cohain, Judy Slome and Buxbaum, Rina E and Mankuta, David},
  journal={BMC pregnancy and childbirth},
  volume={17},
  number={1},
  pages={437},
  year={2017},
  publisher={BioMed Central}
}



@article{filges2015exome,
  title={Exome sequencing for gene discovery in lethal fetal disorders--harnessing the value of extreme phenotypes},
  author={Filges, Isabel and Friedman, Jan M},
  journal={Prenatal diagnosis},
  volume={35},
  number={10},
  pages={1005--1009},
  year={2015},
  publisher={Wiley Online Library}
}


@article{kong2012rate,
  title={Rate of de novo mutations and the importance of fatherâ€™s age to disease risk},
  author={Kong, Augustine and Frigge, Michael L and Masson, Gisli and Besenbacher, Soren and Sulem, Patrick and Magnusson, Gisli and Gudjonsson, Sigurjon A and Sigurdsson, Asgeir and Jonasdottir, Aslaug and Jonasdottir, Adalbjorg and others},
  journal={Nature},
  volume={488},
  number={7412},
  pages={471},
  year={2012},
  publisher={Nature Publishing Group}
}
@article{pereza2017systematic,
  title={Systematic review and meta-analysis of genetic association studies in idiopathic recurrent spontaneous abortion},
  author={Pereza, Nina and Ostoji{\'c}, Sa{\v{s}}a and Kapovi{\'c}, Miljenko and Peterlin, Borut},
  journal={Fertility and sterility},
  volume={107},
  number={1},
  pages={150--159},
  year={2017},
  publisher={Elsevier}
}


@article{nilsen2012copynumber,
  title={Copynumber: efficient algorithms for single-and multi-track copy number segmentation},
  author={Nilsen, Gro and Liest{\o}l, Knut and Van Loo, Peter and Vollan, Hans Kristian Moen and Eide, Marianne B and Rueda, Oscar M and Chin, Suet-Feung and Russell, Roslin and Baumbusch, Lars O and Caldas, Carlos and others},
  journal={BMC genomics},
  volume={13},
  number={1},
  pages={591},
  year={2012},
  publisher={BioMed Central}
}

@article{practice2012evaluation,
  title={Evaluation and treatment of recurrent pregnancy loss: a committee opinion},
  author={Practice Committee of the American Society for Reproductive Medicine and others},
  journal={Fertility and sterility},
  volume={98},
  number={5},
  pages={1103--1111},
  year={2012},
  publisher={Elsevier}
}


@ARTICLE{Figueredo:2009dg,
   author = {Figueredo, A.~J. and Wolf, P. S.~A.},
   title = {Assortative pairing and life history strategy -- a cross-cultural study},
   journal = {Human Nature},
   volume = {20},
   pages = {317-330},
   year = {2009},
   doi={https://doi.org/10.1007/s12110-009-9068-2}
}

@MISC{Hao:gidmaps:2014,
  author = {Hao, Z. and AghaKouchak, A. and Nakhjiri, N. and Farahmand, A},
  year = {2014},
  title = {Global integrated drought monitoring and prediction system ({GIDMaPS}) data sets},
  howpublished = {\emph{figshare} \url{http://dx.doi.org/10.6084/m9.figshare.853801}}
}

@ARTICLE{Venkatraman2018,
    title = {DNAcopy: DNA copy number data analysis},
    author = {Venkatraman E. Seshan and Adam Olshen},
    year = {2018},
    note = {R package version 1.56.0},
  }


@article{green2019review,
  title={A review of reproductive outcomes of women with two consecutive miscarriages and no living child},
  author={Green, Deirdre M and Oâ€™Donoghue, Keelin},
  journal={Journal of Obstetrics and Gynaecology},
  pages={1--6},
  year={2019},
  publisher={Taylor \& Francis}
}


% [1] banana 27994187 
@Article{pmid27994187,
   Author="Sudhir, N.  and Kaur, T.  and Beri, A.  and Kaur, A. ",
   Title="{{C}ytogenetic analysis in couples with recurrent miscarriages: a retrospective study from {P}unjab, north {I}ndia}",
   Journal="J. Genet.",
   Year="2016",
   Volume="95",
   Number="4",
   Pages="887--894",
   Month="Dec"
}

% [4] 11821293 
@Article{pmid11821293,
   Author="Stephenson, M. D.  and Awartani, K. A.  and Robinson, W. P. ",
   Title="{{C}ytogenetic analysis of miscarriages from couples with recurrent miscarriage: a case-control study}",
   Journal="Hum. Reprod.",
   Year="2002",
   Volume="17",
   Number="2",
   Pages="446--451",
   Month="Feb"
}

% 30642578 
@Article{pmid30642578,
   Author="Khalife, D.  and Ghazeeri, G.  and Kutteh, W. ",
   Title="{{R}eview of current guidelines for recurrent pregnancy loss: new strategies for optimal evaluation of women who may be superfertile}",
   Journal="Semin. Perinatol.",
   Year="2019",
   Volume="43",
   Number="2",
   Pages="105--115",
   Month="Mar"
}

% 30602480 
@Article{pmid30602480,
   Author="Jayasena, C. N.  and Radia, U. K.  and Figueiredo, M.  and Revill, L. F.  and Dimakopoulou, A.  and Osagie, M.  and Vessey, W.  and Regan, L.  and Rai, R.  and Dhillo, W. S. ",
   Title="{{R}educed {T}esticular {S}teroidogenesis and {I}ncreased {S}emen {O}xidative {S}tress in {M}ale {P}artners as {N}ovel {M}arkers of {R}ecurrent {M}iscarriage}",
   Journal="Clin. Chem.",
   Year="2019",
   Volume="65",
   Number="1",
   Pages="161--169",
   Month="Jan"
}

% 30448091 
@Article{pmid30448091,
   Author="Kamkar, N.  and Ramezanali, F.  and Sabbaghian, M. ",
   Title="{{T}he relationship between sperm {D}{N}{A} fragmentation, free radicals and antioxidant capacity with idiopathic repeated pregnancy loss}",
   Journal="Reprod Biol",
   Year="2018",
   Volume="18",
   Number="4",
   Pages="330--335",
   Month="Dec"
}

% 30393965 
@Article{pmid30393965,
   Author="Homer, H. A. ",
   Title="{{M}odern management of recurrent miscarriage}",
   Journal="Aust N Z J Obstet Gynaecol",
   Year="2019",
   Volume="59",
   Number="1",
   Pages="36--44",
   Month="Feb"
}

% 29858908 
@Article{pmid29858908,
   Author="Young, B. K. ",
   Title="{{A} multidisciplinary approach to pregnancy loss: the pregnancy loss prevention center}",
   Journal="J Perinat Med",
   Year="2018",
   Volume="47",
   Number="1",
   Pages="41--44",
   Month="Dec"
}

% 29720743 
@Article{pmid29720743,
   Author="Toth, B.  and Wurfel, W.  and Bohlmann, M.  and Zschocke, J.  and Rudnik-Schoneborn, S.  and Nawroth, F.  and Schleussner, E.  and Rogenhofer, N.  and Wischmann, T.  and von Wolff, M.  and Hancke, K.  and von Otte, S.  and Kuon, R.  and Feil, K.  and Tempfer, C. ",
   Title="{{R}ecurrent {M}iscarriage: {D}iagnostic and {T}herapeutic {P}rocedures. {G}uideline of the {D}{G}{G}{G}, {O}{E}{G}{G}{G} and {S}{G}{G}{G} ({S}2k-{L}evel, {A}{W}{M}{F} {R}egistry {N}umber 015/050)}",
   Journal="Geburtshilfe Frauenheilkd",
   Year="2018",
   Volume="78",
   Number="4",
   Pages="364--381",
   Month="Apr"
}

% 28352815 
@Article{pmid28352815,
   Author="Piras, M.  and Delbon, P.  and Bin, P.  and Casella, C.  and Capasso, E.  and Niola, M.  and Conti, A. ",
   Title="{{V}oluntary termination of pregnancy (medical or surgical abortion): forensic medicine issues}",
   Journal="Open Med (Wars)",
   Year="2016",
   Volume="11",
   Number="1",
   Pages="321--326"
}

% 25944391 
@Article{pmid25944391,
   Author="Yakut, S.  and Toru, H. S.  and Cetin, Z.  and Ozel, D.  and ?im?ek, M.  and Mendilcio?lu, ?.  and Luleci, G. ",
   Title="{{C}hromosome abnormalities identified in 457 spontaneous abortions and their histopathological findings}",
   Journal="Turk Patoloji Derg",
   Year="2015",
   Volume="31",
   Number="2",
   Pages="111--118"
}

% 25681385 
@Article{pmid25681385,
   Author="Garrido-Gimenez, C.  and Alijotas-Reig, J. ",
   Title="{{R}ecurrent miscarriage: causes, evaluation and management}",
   Journal="Postgrad Med J",
   Year="2015",
   Volume="91",
   Number="1073",
   Pages="151--162",
   Month="Mar"
}

% 25055407 
@Article{pmid25055407,
   Author="Oliver, A.  and Overton, C. ",
   Title="{{D}iagnosis and management of miscarriage}",
   Journal="Practitioner",
   Year="2014",
   Volume="258",
   Number="1771",
   Pages="25--28",
   Month="May"
}

% 22835448 
@Article{pmid22835448,
   Author="Pfeifer, S.  and Fritz, M.  and Goldberg, J.  and McClure, R.  and Thomas, M.  and Widra, E.  and Schattman, G.  and Licht, M.  and Collins, J.  and Cedars, M.  and Racowsk, C.  and Davis, O.  and Barnhart, K.  and Gracia, C.  and Catherino, W.  and Rebar, R.  and La Barbera, A. ",
   Title="{{E}valuation and treatment of recurrent pregnancy loss: a committee opinion}",
   Journal="Fertil. Steril.",
   Year="2012",
   Volume="98",
   Number="5",
   Pages="1103--1111",
   Month="Nov"
}

% 22796359 
@Article{pmid22796359,
   Author="van den Berg, M. M.  and van Maarle, M. C.  and van Wely, M.  and Goddijn, M. ",
   Title="{{G}enetics of early miscarriage}",
   Journal="Biochim. Biophys. Acta",
   Year="2012",
   Volume="1822",
   Number="12",
   Pages="1951--1959",
   Month="Dec"
}

% 22672580 
@Article{pmid22672580,
   Author="Kochhar, P. K.  and Ghosh, P. ",
   Title="{{R}eproductive outcome of couples with recurrent miscarriage and balanced chromosomal abnormalities}",
   Journal="J. Obstet. Gynaecol. Res.",
   Year="2013",
   Volume="39",
   Number="1",
   Pages="113--120",
   Month="Jan"
}

% 22183209 
@Article{pmid22183209,
   Author="Lund, M.  and Kamper-J?rgensen, M.  and Nielsen, H. S.  and Lidegaard, ?.  and Andersen, A. M.  and Christiansen, O. B. ",
   Title="{{P}rognosis for live birth in women with recurrent miscarriage: what is the best measure of success?}",
   Journal="Obstet Gynecol",
   Year="2012",
   Volume="119",
   Number="1",
   Pages="37--43",
   Month="Jan"
}

% 20041396 
@Article{pmid20041396,
   Author="Micale, M.  and Insko, J.  and Ebrahim, S. A.  and Adeyinka, A.  and Runke, C.  and Van Dyke, D. L. ",
   Title="{{D}ouble trisomy revisited--a multicenter experience}",
   Journal="Prenat. Diagn.",
   Year="2010",
   Volume="30",
   Number="2",
   Pages="173--176",
   Month="Feb"
}

% 10864550 
@Article{pmid10864550,
   Author="Nybo Andersen, A. M.  and Wohlfahrt, J.  and Christens, P.  and Olsen, J.  and Melbye, M. ",
   Title="{{M}aternal age and fetal loss: population based register linkage study}",
   Journal="BMJ",
   Year="2000",
   Volume="320",
   Number="7251",
   Pages="1708--1712",
   Month="Jun"
}

% 8568023 
@Article{pmid8568023,
   Author="al-Ansary, L. A.  and Oni, G.  and Babay, Z. A. ",
   Title="{{R}isk factors for spontaneous abortion among {S}audi women}",
   Journal="J Community Health",
   Year="1995",
   Volume="20",
   Number="6",
   Pages="491--500",
   Month="Dec"
}

% 6720673 
@Article{pmid6720673,
   Author="Sandler, D. P.  and Wilcox, A. J.  and Horney, L. F. ",
   Title="{{A}ge at menarche and subsequent reproductive events}",
   Journal="Am. J. Epidemiol.",
   Year="1984",
   Volume="119",
   Number="5",
   Pages="765--774",
   Month="May"
}

@article{stephenson2002cytogenetic,
  title={Cytogenetic analysis of miscarriages from couples with recurrent miscarriage: a case--control study},
  author={Stephenson, MD and Awartani, KA and Robinson, WP},
  journal={Human reproduction},
  volume={17},
  number={2},
  pages={446--451},
  year={2002},
  publisher={Oxford University Press}
}

@article{gaboon2013recurrent,
  title={Recurrent spontaneous abortion: an overview of genetic backgrounds and impact of male factors: a review},
  author={Gaboon, Nagwa EA},
  journal={International Journal of Human Genetics},
  volume={13},
  number={2},
  pages={79--83},
  year={2013},
  publisher={Taylor \& Francis}
}

@article{dawes2019gene,
  title={Gene discovery informatics toolkit defines candidate genes for unexplained infertility and prenatal or infantile mortality},
  author={Dawes, Ruebena and Lek, Monkol and Cooper, Sandra T},
  journal={NPJ genomic medicine},
  volume={4},
  number={1},
  pages={1--11},
  year={2019},
  publisher={Nature Publishing Group}
}

















































